01,0054692306,2715093,250711,0815,2507110815-58,80,80,2/
02,2715093,122187445,1,250710,0000,USD,2/
03,8063028964,USD/
88,015,285952620,0,/
88,020,307213500,0,/
88,025,171742800,0,/
88,040,285952620,0,/
88,045,285952620,0,/
88,050,307213556,0,/
88,055,172340757,0,/
88,072,0,0,/
88,074,0,0,/
88,075,0,0,/
88,100,2054692,0,/
88,102,0,1,/
88,110,0,0,/
88,400,14790449,0,/
88,402,0,1,/
16,201,2054692,0,FROM XXXXXX9006,,/
88,TRANSFER FROM     DEPOSIT SYSTEM    ACCOUNT                   XXXXXX9006/
16,501,14790449,0,TO   XXXXXX8999,,/
88,TRANSFER TO       DEPOSIT SYSTEM    ACCOUNT                   XXXXXX8999/
49,1850058755,21/
98,1850058755,1,23/
02,2715093,122187445,1,250710,0000,USD,2/
03,8063028999,USD/
88,015,0,0,/
88,020,2769700,0,/
88,025,140689700,0,/
88,040,0,0,/
88,045,0,0,/
88,050,0,0,/
88,055,134651806,0,/
88,072,0,0,/
88,074,0,0,/
88,075,0,0,/
88,100,42141949,0,/
88,102,0,11,/
88,110,0,0,/
88,400,44155749,0,/
88,402,0,12,/
16,201,14790449,0,FROM XXXXXX8964,,/
88,TRANSFER FROM     MONEY MARKET SWEEP                          XXXXXX8964/
16,195,8625000,0,000000000001434,,/
88,FIRST AMERICAN TITLE INSURANCE COMP/
16,195,8400000,0,000000000000539,,/
88,FIDELITY NATL TITLE INSURANCE C/
16,195,2600000,0,000000000001091,,/
88,NORTHSTAR TITLE AGENCY/
16,195,2130000,0,000000000000785,,/
88,STEWART TITLE & TRUST OF TUCSON/
16,195,1405000,0,000000000001158,,/
88,1/PLACER TITLE COMPANY DBA PREMIER/
16,195,1350000,0,000000000001257,,/
88,YAVAPAI TITLE AGENCY INC/
16,195,1087500,0,000000000000490,,/
88,MAGNUS TITLE AGENCY LLC/
16,195,781500,0,000000000001507,,/
88,MAGNUS TITLE AGENCY LLC/
16,195,627500,0,000000000001484,,/
88,ARIZONA PREMIER TITLE LLC/
16,195,345000,0,000000000000459,,/
88,CHICAGO TITLE AGENCY INC. MARICOPA/
16,495,781500,0,000000000000587,,Magnus Title Agenc/
88,Magnus Title Agency/
16,451,38667068,0,RUSS LYON LLC     PA,,/
88,RUSS LYON LLC     PAYROLL           250710-SETT-B731 UPL/
16,451,804405,0,PAYLOAD           WI,,/
88,PAYLOAD           WITHDRAW          RUSS LYON LLC OPERATING ACCOUNT/
16,451,732850,0,BEC15756          PA,,/
88,BEC15756          PAYMENT                             BROKERAGE ENGINE SAAS/
16,475,43512,0,00000032077,00000032077,/
16,475,33180,0,00000034942,00000034942,/
16,475,52453,0,00000034976,00000034976,/
16,475,573300,0,00000034990,00000034990,/
16,475,1718750,0,00000034995,00000034995,/
16,475,335738,0,00000035002,00000035002,/
16,475,12993,0,00000035005,00000035005,/
16,475,400000,0,00000035009,00000035009,/
49,450706602,55/
98,450706602,1,57/
02,2715093,122187445,1,250710,0000,USD,2/
03,8063029006,USD/
88,015,0,0,/
88,020,0,0,/
88,025,17826800,0,/
88,040,0,0,/
88,045,0,0,/
88,050,0,0,/
88,055,17733498,0,/
88,072,0,0,/
88,074,0,0,/
88,075,0,0,/
88,100,2054692,0,/
88,102,0,1,/
88,110,0,0,/
88,400,2054692,0,/
88,402,0,1,/
16,142,2054692,0,PAYLOAD           DE,,/
88,PAYLOAD           DEPOSIT           RUSS LYON LLC CREDIT CARD ACCOUNT/
16,501,2054692,0,TO   XXXXXX8964,,/
88,TRANSFER TO       MONEY MARKET SWEEP                          XXXXXX8964/
49,43779066,21/
98,43779066,1,23/
02,2715093,122187445,1,250710,0000,USD,2/
03,8063029014,USD/
88,015,0,0,/
88,020,0,0,/
88,025,0,0,/
88,040,0,0,/
88,045,0,0,/
88,050,0,0,/
88,055,0,0,/
88,072,0,0,/
88,074,0,0,/
88,075,0,0,/
88,100,0,0,/
88,102,0,0,/
88,110,0,0,/
88,400,0,0,/
88,402,0,0,/
49,0,17/
98,0,1,19/
02,2715093,122187445,1,250710,0000,USD,2/
03,8063029049,USD/
88,015,59362,0,/
88,020,59300,0,/
88,025,59400,0,/
88,040,59362,0,/
88,045,59362,0,/
88,050,59362,0,/
88,055,59362,0,/
88,072,0,0,/
88,074,0,0,/
88,075,0,0,/
88,100,0,0,/
88,102,0,0,/
88,110,0,0,/
88,400,0,0,/
88,402,0,0,/
49,415510,17/
98,415510,1,19/
99,2344959933,5,143/