01,0054692306,2715093,250714,0815,2507140815-58,80,80,2/
02,2715093,122187445,1,250711,0000,USD,2/
03,8063028964,USD/
88,015,277311233,0,/
88,020,300313000,0,/
88,025,172340800,0,/
88,040,277311233,0,/
88,045,277311233,0,/
88,050,300313020,0,/
88,055,173964012,0,/
88,072,0,0,/
88,074,0,0,/
88,075,0,0,/
88,100,1260495,0,/
88,102,0,1,/
88,110,0,0,/
88,400,9901882,0,/
88,402,0,1,/
16,201,1260495,0,FROM XXXXXX9006,,/
88,TRANSFER FROM     DEPOSIT SYSTEM    ACCOUNT                   XXXXXX9006/
16,501,9901882,0,TO   XXXXXX8999,,/
88,TRANSFER TO       DEPOSIT SYSTEM    ACCOUNT                   XXXXXX8999/
49,1801189285,21/
98,1801189285,1,23/
02,2715093,122187445,1,250711,0000,USD,2/
03,8063028999,USD/
88,015,10555500,0,/
88,020,4566400,0,/
88,025,139953100,0,/
88,040,10555500,0,/
88,045,0,0,/
88,050,0,0,/
88,055,132569561,0,/
88,072,10555500,0,/
88,074,0,0,/
88,075,0,0,/
88,100,53270002,0,/
88,102,0,16,/
88,110,10555500,0,/
88,400,42714502,0,/
88,402,0,7,/
16,201,9901882,0,FROM XXXXXX8964,,/
88,TRANSFER FROM     MONEY MARKET SWEEP                          XXXXXX8964/
16,174,9445000,0,000000192018485,,/
16,174,1006500,0,000000192019437,,/
16,174,104000,0,000000192018379,,/
16,195,9487500,0,000000000000973,,/
88,WFG NATIONAL TITLE INSURANCE CO/
16,195,6000000,0,000000000000885,,/
88,MAGNUS TITLE AGENCY LLC/
16,195,4230000,0,000000000001511,,/
88,1/PLACER TITLE COMPANY DBA PREMIER/
16,195,2745000,0,000000000000994,,/
88,PIONEER TITLE AGENCY INC/
16,195,2400000,0,000000000000891,,/
88,FIDELITY RESIDENTIAL SOLUTIONS RELO/
16,195,2362500,0,000000000000944,,/
88,SOUTHWEST SETTLEMENT SERVICES LLC/
16,195,1598000,0,000000000000974,,/
88,EQUITY TITLE AGENCY INC./
16,195,1520000,0,000000000000889,,/
88,SOUTHWEST SETTLEMENT SERVICES LLC/
16,195,905400,0,000000000001300,,/
88,FIRST AMERICAN TITLE INSURANCE COMP/
16,195,874720,0,000000000000969,,/
88,FIRST AMERICAN TITLE INSURANCE COMP/
16,195,584500,0,000000000000921,,/
88,SECURITY TITLE AGENCY INC. PHOENIX/
16,195,105000,0,000000000000609,,/
88,YAVAPAI TITLE AGENCY INC/
16,495,22465953,0,000000000000927,,PAYCOM CLIENT TRUS/
88,PAYCOM CLIENT TRUST AS AGENT FOR/
16,451,18387012,0,RUSS LYON LLC     PA,,/
88,RUSS LYON LLC     PAYROLL           250711-SETT-B731 UPL/
16,451,6136,0,Colonial Life     Pa,,/
88,4130245/
16,475,50000,0,00000034877,00000034877,/
16,475,501,0,00000034953,00000034953,/
16,475,1404900,0,00000034999,00000034999,/
16,475,400000,0,00000035010,00000035010,/
49,511280069,56/
98,511280069,1,58/
02,2715093,122187445,1,250711,0000,USD,2/
03,8063029006,USD/
88,015,0,0,/
88,020,0,0,/
88,025,17733500,0,/
88,040,0,0,/
88,045,0,0,/
88,050,0,0,/
88,055,17459269,0,/
88,072,0,0,/
88,074,0,0,/
88,075,0,0,/
88,100,1326995,0,/
88,102,0,1,/
88,110,0,0,/
88,400,1326995,0,/
88,402,0,2,/
16,142,1326995,0,PAYLOAD           DE,,/
88,PAYLOAD           DEPOSIT           RUSS LYON LLC CREDIT CARD ACCOUNT/
16,501,1260495,0,TO   XXXXXX8964,,/
88,TRANSFER TO       MONEY MARKET SWEEP                          XXXXXX8964/
16,451,66500,0,PAYLOAD           WI,,/
88,PAYLOAD           WITHDRAW          RUSS LYON LLC CREDIT CARD ACCOUNT/
49,40500749,23/
98,40500749,1,25/
02,2715093,122187445,1,250711,0000,USD,2/
03,8063029014,USD/
88,015,0,0,/
88,020,0,0,/
88,025,0,0,/
88,040,0,0,/
88,045,0,0,/
88,050,0,0,/
88,055,0,0,/
88,072,0,0,/
88,074,0,0,/
88,075,0,0,/
88,100,0,0,/
88,102,0,0,/
88,110,0,0,/
88,400,0,0,/
88,402,0,0,/
49,0,17/
98,0,1,19/
02,2715093,122187445,1,250711,0000,USD,2/
03,8063029049,USD/
88,015,59362,0,/
88,020,59300,0,/
88,025,59400,0,/
88,040,59362,0,/
88,045,59362,0,/
88,050,59362,0,/
88,055,59362,0,/
88,072,0,0,/
88,074,0,0,/
88,075,0,0,/
88,100,0,0,/
88,102,0,0,/
88,110,0,0,/
88,400,0,0,/
88,402,0,0,/
49,415510,17/
98,415510,1,19/
99,2353385613,5,146/


